@article{ayyasamy2015,
    author = {Ayyasamy, Dinesh S.},
    year = {2015},
    title = {Performance Comparison of OCR Tools},
    doi = {10.5121/IJU.2015.6303}
}

@article{li2023,
    author = {Li, Y.},
    year = {2023},
    title = {Synergizing Optical Character Recognition: A Comparative Analysis and Integration of Tesseract, Keras, Paddle, and Azure OCR},
    journal = {University of Sydney Technical Reports},
    volume = {45},
    pages = {45-60}
}

@inproceedings{inproceedings,
    author = {Chowdhury, Abdulla and Sami, Aftar Ahmad and Mamun, Shah Masud Parvej and Absar, Shakib and Biswas, Fuad and Kohinoor, Md},
    year = {2025},
    month = {01},
    pages = {},
    title = {Performance Analysis of Tesseract and EasyOCR for Bangla Optical Character Recognition on the Novel Bangla CrossHair Dataset},
    doi = {10.1109/ISACC65211.2025.10969286}
}

@misc{Heliński_Marcin_Report,
    author={Heliński, Marcin and Kmieciak, Miłosz and Parkoła, Tomasz},
    copyright={PCSS},
    address={Poznań},
    howpublished={online},
    publisher={PCSS},
    language={eng},
    abstract={The aim of this report is to compare OCR accuracy of two well known OCR engines: Tesseract 3.0.1 and FineReader10 Corporate Edition. The comparison is based on Polish historical printed documents and ground-truth produced within the scope of the IMPACT project.},
    title={Report on the comparison of Tesseract and ABBYY FineReader OCR engines},
    type={raport},
    keywords={OCR, FineReader, Tesseract},
}
